@book{kerberos:2003:garman,
    title =         "Kerberos - The Definitive Guide",
    author =        "Jason Garman",
    year =          2003,
    edition =       1,
    publisher =     "O'Reilly",
    ISBN =          "0-596-00403-6",
    language =      "english"
}
@misc{xml-dsig:2008:w3c,
    title =         "XML Signature Syntax and Processing (Second Edition)",
    author =        "Mark Bartel and John Boyer and Barb Fox and Brian LaMacchia and Ed Simon",
    year =          2008,
    month =         "June",
    howpublished =  "http://www.w3.org/TR/2008/REC-xmldsig-core-20080610/"
}
@misc{xpath:2007:w3c,
    title =         "XML Path Language (XPath) 2.0",
    author =        "Anders Berglund and Scott Boag and Don Chamberlin and Mary F. Fernández and Michael Kay and Jonathan Robie and Jérôme Siméon",
    year =          2007,
    month =         "January",
    howpublished =  "http://www.w3.org/TR/2007/REC-xpath20-20070123/"
}
